@BOOK {Derr1,
    title = {Introduction to \uppercase{NMR}},
    author = {Derrick Kaseman and Revathi Srinivasan Ganesh Iyer},
    publisher = {Libretexts},
    year = {2023},
    url = {https://chem.libretexts.org/Bookshelves/Physical_and_Theoretical_Chemistry_Textbook_Maps/Supplemental_Modules_(Physical_and_Theoretical_Chemistry)/Spectroscopy/Magnetic_Resonance_Spectroscopies/Nuclear_Magnetic_Resonance/Nuclear_Magnetic_Resonance_II},
}

@BOOK {Derr2,
    title = {\uppercase{NMR} - \uppercase{T}heory},
    author = {Derrick Kaseman and Surreya OZCAN and Siyi Du},
    publisher = {Libretexts},
    year = {2023},
    url = {https://chem.libretexts.org/Bookshelves/Physical_and_Theoretical_Chemistry_Textbook_Maps/Supplemental_Modules_(Physical_and_Theoretical_Chemistry)/Spectroscopy/Magnetic_Resonance_Spectroscopies/Nuclear_Magnetic_Resonance/NMR_-_Theory},
}

@ARTICLE {Edwi2015,
    author = {Edwin Cartlidge},
    title = {The spin of a proton},
    journal = {Physics World},
    year = {2015},
    url = {https://physicsworld.com/a/the-spin-of-a-proton/},
}

@BOOK {Davi2022,
    title = {Nuclear Magnetic Resonance Spectroscopy},
    author = {David Harvey},
    publisher = {Libretexts},
    year = {2022},
    url = {https://chem.libretexts.org/Bookshelves/Organic_Chemistry/Supplemental_Modules_(Organic_Chemistry)/Spectroscopy/Nuclear_Magnetic_Resonance_Spectroscopy},
}

@ARTICLE {Sigu2024,
    title = {spektroskopi},
    author = {Bent W. Sigurskjold and Jes Ole Henningsen and Ove W. Dietrich},
    year = {2024},
    journal = {Den Store Danske},
    url = {https://denstoredanske.lex.dk/spektroskopi},
}

@BOOK {Birg2012,
    title = {Orbit b htx/eux},
    author = {Birgitte Merci Lund and Jens Kraaer and Per Holck},
    year = {2012},
    publisher = {Systime},
}

@ARTICLE {Finn2020,
    author = {Finn Elvekjær and Torben Benoni},
    title = {Fysik AB bogen},
    year = {2020},
    publisher = {Systime},
}

@ARTICLE {Giov2022,
    author = {Giovanny Espita},
    title = {Quantum Properties of Light},
    year = {2022},
    url = {https://www.physicsbook.gatech.edu/Quantum_Properties_of_Light},
}

@ARTICLE {Erla2002,
    author = {Erland Andersen and Christian Petresch},
    title = {Borhs atommodel},
    year = {2002},
    url = {https://fysikleksikon.nbi.ku.dk/b/bohrmodel/},
}

@ARTICLE {Robi2009,
    author = {Robin K. Harris and Edwin D. Becker and Sonia M. Cabral de Menezes and Robin Goodfellow and Pierre Granger},
    title = {NMR nomenclature. Nuclear spin properties and conventions for chemical shifts (IUPAC Recommendations 2001)},
    year = {2009},
    url = {https://www.degruyter.com/document/doi/10.1351/pac200173111795/html},
}

@ARTICLE {Nana2020,
    author = {Nanalysis},
    title = {Spin-Spin Coupling –- Beyond Multiplicity},
    year = {2020},
    url = {https://www.nanalysis.com/nmready-blog/2020/2/11/spin-spin-coupling-beyond-multiplicity},
}

@ARTICLE {Elis2019,
    author = {Elisabeth Anderson},
    title = {Perservatives -- Keeping our foods safe \& fresh},
    year = {2019},
    url = {https://www.canr.msu.edu/news/preservatives-keeping-our-foods-safe-fresh},
}

@ARTICLE {Nell2001,
    author = {Nelly Valkova and Francois Lepine and Loredana Valeanu and Maryse Dupont and Labrie Louisette and Jean-Guy Bisaillon and Rejean Beaudet and Francois Shareck and Richard Villemur},
    title = {Hydrolysis of 4-Hydroxybenzoic Acid Esters (Parabens) and Their Aerobic Transformation into Phenol by the Resistant Enterobacter cloacae Strain EM},
    year = {2001},
    url = {https://www.ncbi.nlm.nih.gov/pmc/articles/PMC92888/},
}

@ARTICLE {Alli2005,
    author = {Allison L. Cashman and Erin M. Warshaw},
    title = {Parabens: A Review of Epidemiology, Structure, Allergenicity, and Hormonal Properties},
    year = {2005},
    url = {https://www.medscape.com/viewarticle/508430},
}

@ARTICLE {Darb2004,
    author = {P. D. Darbre and A. Aljarrah and W. R. Miller and N. G. Coldham and M. J. Sauer and G. S. Pope},
    title = {Concentrations of parabens in human breast tumours},
    year = {2004},
    url = {https://www.researchgate.net/publication/8900600_Concentrations_of_Parabens_in_human_breast_tumours},
}

@ARTICLE {Emil2022,
    author = {Emily Hager},
    title = {Minireview: Parabens Exposure and Breast Cancer},
    year = {2022},
    url = {https://www.ncbi.nlm.nih.gov/pmc/articles/PMC8834979/},
}

@ARTICLE {Phil2008,
    author = {Philippa D. Darbre and Philip W. Harvey},
    title = {Paraben esters: review of recent studies of endocrine toxicity, absorption, esterase and human exposure, and discussion of potential human health risks},
    year = {2008},
    url = {https://analyticalsciencejournals.onlinelibrary.wiley.com/doi/epdf/10.1002/jat.1358},
}

@ARTICLE {Edwi1998,
    author = {Edwin J. Routledge and Joanne Parker and Jenny Odum and John Ashby and John P. Sumpter},
    title = {Some Alkyl Hydroxy Benzoate Preservatives (Parabens) Are Estrogenic},
    year = {1998},
    url = {https://www.sciencedirect.com/science/article/abs/pii/S0041008X98985441},
}

@ARTICLE {Ebru2013,
    author = {Ebru Karpuzoglu and Steven D. Holladay},
    title = {Parabens: Potential impact of Low-Affinity Estrogen receptor Binding chemicals on Human health},
    year = {2013},
    url = {https://www.researchgate.net/publication/255174651_Parabens_Potential_impact_of_Low-Affinity_Estrogen_receptor_Binding_chemicals_on_Human_health},
}

@ARTICLE {Milj2013,
    author = {Miljøstyrelsen},
    title = {Survey of parabens},
    year = {2013},
    url = {https://www2.mst.dk/Udgiv/publications/2013/04/978-87-93026-02-5.pdf},
}

@ARTICLE {Euro2011,
    author = {European Scientific Committe},
    title = {Parabens used in cosmetics},
    year = {2011},
    url = {https://ec.europa.eu/health/scientific_committees/docs/citizens_parabens_en.pdf},
}

@ARTICLE {Emma2016,
    author = {Emma Libner},
    title = {Bliv klogere på parabenerne: sandt og falsk om parabener},
    year = {2016},
    url = {https://samvirke.dk/artikler/bliv-klogere-paa-parabenerne-sandt-og-falsk-om-parabener},
}

@ARTICLE {Henr2013,
    author = {Henriette Jacobsen},
    title = {EU scientific committee clears parabens in cosmetics as ‘harmless’},
    year = {2013},
    url = {https://www.euractiv.com/section/health-consumers/news/eu-scientific-committee-clears-parabens-in-cosmetics-as-harmless/},
}

@ARTICLE {Yola2020,
    author = {Yolando Galvez-Ontiveros and Inmaculada Moscoso-Ruiz and Lourdes Rodrigo and Margarita Aquilera and Ana Rivas and Alberto Zafra-Gomez},
    title = {Presence of Parabens and Bisphenols in Food Commonly Consumed in Spain},
    year = {2020},
    url = {https://www.mdpi.com/2304-8158/10/1/92},
}

@ARTICLE {Raym2007,
    author = {Raymond J. Abraham and Mehdi Mobli},
    title = {An NMR, IR and theoretical investigation of 1H Chemical Shifts and hydrogen bonding in phenols},
    year = {2007},
    url = {https://www.modgraph.co.uk/Downloads/SCSPT25.pdf},
}

@BOOK {Ole2019,
    author = {Ole Vesterlund Nielsen and Vibeke Axelsen},
    title = {Basiskemi A Xperimenter},
    year = {2019},
    publisher = {Praxis},
}
